@article{lee2016공학적,
  title={공학적 데이터 처리를 위한 파이썬 (Python) 언어의 활용: Spyder (Scientific PYthon Development EnviRonment)},
  author={Lee, Jeong-Hwan},
  journal={전기의세계},
  volume={65},
  number={5},
  pages={41--48},
  year={2016},
  publisher={The Korean Institute of Electrical Engineers}
}